
@unpublished{wendl_topology_2023,
	location = {Notes from the course at {HU} Berlin},
	title = {Topology I and {II}},
	url = {https://www.mathematik.hu-berlin.de/~wendl/Winter2023/Topologie2/lecturenotes.pdf},
	author = {Wendl, Chris},
	urldate = {2024-07-07},
	date = {2023},
	file = {Topology I and II:/Users/titania/Zotero/storage/7GTXAZI8/lecturenotes.pdf:application/pdf},
}

@book{abraham_foundations_2008,
	location = {Providence, R.I.},
	edition = {2nd ed.},
	title = {Foundations of Mechanics},
	publisher = {Providence, R.I. : {AMS} Chelsea Pub./American Mathematical Society},
	author = {Abraham, Ralph},
	date = {2008},
	keywords = {Celestial mechanics, Geometry, Differential, Mechanics, Analytic},
	file = {Foundations of Mechanics:/Users/titania/Zotero/storage/V4FKMWRU/Abraham - 2008 - Foundations of mechanics  Ralph Abraham, Jerrold .pdf:application/pdf},
}

@book{spivak_comprehensive_1979,
	title = {A comprehensive introduction to differential geometry. Vol. I},
	isbn = {0-914098-83-7},
	pagetotal = {xiv+668},
	publisher = {Publish or Perish, Inc., Wilmington, {DE}},
	author = {Spivak, Michael},
	date = {1979},
	mrnumber = {532830},
}

@unpublished{wendl_differential_2022,
	location = {Notes from the course at {HU} Berlin},
	title = {Differential Geometry I and {II}},
	url = {https://www.mathematik.hu-berlin.de/~wendl/Winter2021/Diffgeo1/lecturenotes.pdf},
	author = {Wendl, Chris},
	urldate = {2024-10-04},
	date = {2022},
	langid = {english},
	file = {Wendl - Diﬀerential Geometry I and II, 2021–2022, HU Berli.pdf:/Users/titania/Zotero/storage/7DWZ9JAW/Wendl - Diﬀerential Geometry I and II, 2021–2022, HU Berli.pdf:application/pdf},
}

@book{weibel_introduction_1994,
	title = {An introduction to homological algebra},
	volume = {38},
	isbn = {978-0-521-43500-0 978-0-521-55987-4},
	series = {Cambridge Studies in Advanced Mathematics},
	pagetotal = {xiv+450},
	publisher = {Cambridge University Press, Cambridge},
	author = {Weibel, Charles A.},
	date = {1994},
	mrnumber = {1269324},
	doi = {10.1017/CBO9781139644136},
	file = {Snapshot:/Users/titania/Zotero/storage/9WXNQHNY/article.html:text/html},
}

@article{weil_sur_1952,
	title = {Sur les théorèmes de de Rham},
	volume = {26},
	issn = {0010-2571,1420-8946},
	doi = {10.1007/BF02564296},
	pages = {119--145},
	journaltitle = {Commentarii Mathematici Helvetici},
	shortjournal = {Comment. Math. Helv.},
	author = {Weil, André},
	date = {1952},
	mrnumber = {50280},
	file = {Snapshot:/Users/titania/Zotero/storage/QKNF28IV/article.html:text/html},
}

@book{de_rham_sur_1931,
	title = {Sur l'analysis situs des variétés à n dimensions},
	pagetotal = {86},
	publisher = {{NUMDAM}},
	author = {De Rham, Georges},
	date = {1931},
	mrnumber = {3532989},
	file = {Snapshot:/Users/titania/Zotero/storage/IGIG6IH7/article.html:text/html},
}

@book{de_rham_differentiable_1984,
	title = {Differentiable manifolds},
	volume = {266},
	isbn = {3-540-13463-8},
	series = {Grundlehren der mathematischen Wissenschaften [Fundamental Principles of Mathematical Sciences]},
	pagetotal = {x+167},
	publisher = {Springer-Verlag, Berlin},
	author = {de Rham, Georges},
	date = {1984},
	mrnumber = {760450},
	doi = {10.1007/978-3-642-61752-2},
}

@unpublished{yang_exterior_nodate,
	title = {The exterior derivative via Stokes's theorem},
	url = {https://cims.nyu.edu/~yangd/papers/exterior_derivative.pdf},
	author = {Yang, Deane},
	urldate = {2025-01-06},
	langid = {english},
	file = {Yang - THE EXTERIOR DERIVATIVE VIA STOKES’S THEOREM.pdf:/Users/titania/Zotero/storage/6XNSJMWF/Yang - THE EXTERIOR DERIVATIVE VIA STOKES’S THEOREM.pdf:application/pdf},
}

@book{eilenberg_foundations_1952,
	title = {Foundations of algebraic topology},
	pagetotal = {xv+328},
	publisher = {Princeton University Press, Princeton, {NJ}},
	author = {Eilenberg, Samuel and Steenrod, Norman},
	date = {1952},
	mrnumber = {50886},
}

@book{bott_differential_1982,
	title = {Differential forms in algebraic topology},
	volume = {82},
	isbn = {0-387-90613-4},
	series = {Graduate Texts in Mathematics},
	pagetotal = {xiv+331},
	publisher = {Springer-Verlag, New York-Berlin},
	author = {Bott, Raoul and Tu, Loring W.},
	date = {1982},
	mrnumber = {658304},
	file = {Bott - 1982 - Differential Forms in Algebraic Topology.pdf:/Users/titania/Zotero/storage/BHX5SCNB/Bott - 1982 - Differential Forms in Algebraic Topology.pdf:application/pdf},
}

@book{lee_introduction_2013,
	title = {Introduction to smooth manifolds},
	isbn = {978-1-4419-9981-8},
	series = {Graduate Texts in Mathematics},
	pagetotal = {xvi+708},
	publisher = {Springer, New York},
	author = {Lee, John M.},
	date = {2013},
	mrnumber = {2954043},
	file = {Lee - 2013 - Introduction to smooth manifolds.pdf:/Users/titania/Zotero/storage/2PN7YDDI/Lee - 2013 - Introduction to smooth manifolds.pdf:application/pdf},
}
